<?xml version="1.0" encoding="UTF-8"?><record xmlns="http://www.loc.gov/MARC21/slim" xmlns:cinclude="http://apache.org/cocoon/include/1.0" xmlns:zs="http://www.loc.gov/zing/srw/">
  <leader>01815cz  a2200289n  4500</leader>
  <controlfield tag="001">nr 94036907 </controlfield>
  <controlfield tag="003">DLC</controlfield>
  <controlfield tag="005">20130314101616.0</controlfield>
  <controlfield tag="008">941103n| azannaabn          |b aaa      </controlfield>
  <datafield tag="010" ind1=" " ind2=" ">
    <subfield code="a">nr 94036907 </subfield>
  </datafield>
  <datafield tag="035" ind1=" " ind2=" ">
    <subfield code="a">(OCoLC)oca03995552</subfield>
  </datafield>
  <datafield tag="040" ind1=" " ind2=" ">
    <subfield code="a">DLC-R</subfield>
    <subfield code="b">eng</subfield>
    <subfield code="e">rda</subfield>
    <subfield code="c">DLC-R</subfield>
    <subfield code="d">OCoLC</subfield>
    <subfield code="d">DLC</subfield>
  </datafield>
  <datafield tag="046" ind1=" " ind2=" ">
    <subfield code="f">1725~</subfield>
    <subfield code="g">1780~</subfield>
    <subfield code="2">edtf</subfield>
  </datafield>
  <datafield tag="100" ind1="0" ind2=" ">
    <subfield code="a">Yaʻaḳov Or Sheraga Fayṿil ben Menaḥem Naḥum,</subfield>
    <subfield code="d">approximately 1725-approximately 1780</subfield>
  </datafield>
  <datafield tag="400" ind1="0" ind2=" ">
    <subfield code="w">nnaa</subfield>
    <subfield code="a">Jacob Uri Shraga Feivel ben Menahem,</subfield>
    <subfield code="d">ca. 1725-ca. 1780</subfield>
  </datafield>
  <datafield tag="400" ind1="0" ind2=" ">
    <subfield code="a">Y. Uri Sheraga Fayvel ben Menaḥem Naḥum</subfield>
    <subfield code="q">(Yaʻaḳov Uri Sheraga Fayvel ben Menaḥem Naḥum),</subfield>
    <subfield code="d">approximately 1725-approximately 1780</subfield>
  </datafield>
  <datafield tag="400" ind1="0" ind2=" ">
    <subfield code="a">Yaʻaḳov Esh Faybush,</subfield>
    <subfield code="d">approximately 1725-approximately 1780</subfield>
  </datafield>
  <datafield tag="400" ind1="0" ind2=" ">
    <subfield code="a">Yaʻaḳov Esh Fayṿil,</subfield>
    <subfield code="d">approximately 1725-approximately 1780</subfield>
  </datafield>
  <datafield tag="400" ind1="0" ind2=" ">
    <subfield code="w">nnea</subfield>
    <subfield code="a">Yaʻaḳov Or Sheraga Fayṿil ben Menaḥem Naḥum,</subfield>
    <subfield code="d">ca. 1725-ca. 1780</subfield>
  </datafield>
  <datafield tag="400" ind1="0" ind2=" ">
    <subfield code="a">Yaʻaḳov Uri Sheraga Fayvel ben Menaḥem Naḥum,</subfield>
    <subfield code="d">approximately 1725-approximately 1780</subfield>
  </datafield>
  <datafield tag="400" ind1="0" ind2=" ">
    <subfield code="a">יעקב אור שרגא פייוויל בן מנחם נחום</subfield>
  </datafield>
  <datafield tag="667" ind1=" " ind2=" ">
    <subfield code="a">Machine-derived non-Latin script reference project.</subfield>
  </datafield>
  <datafield tag="667" ind1=" " ind2=" ">
    <subfield code="a">Non-Latin script reference not evaluated.</subfield>
  </datafield>
  <datafield tag="670" ind1=" " ind2=" ">
    <subfield code="a">Sefer Bet Yaʻaḳov Esh, 1992 or 1993:</subfield>
    <subfield code="b">orig. t.p., 1st work (R. Yaʻaḳov Or Sheraga Fayṿil b. ... Menaḥem Naḥum; a.b.d. ṿe-r.m. di-ḳ.ḳ. Zloṭoṿa) orig. t.p., 2nd work (R. Yaʻaḳov Esh Fayṿil)</subfield>
  </datafield>
  <datafield tag="670" ind1=" " ind2=" ">
    <subfield code="a">LC man. cat.</subfield>
    <subfield code="b">(hdg.: Jacob Uri Shraga Feivel ben Menahem, ca. 1725-ca. 1780; usage: Yaʻaḳov Or Sheraga Fayṿil ben Menaḥem Naḥum)</subfield>
  </datafield>
  <datafield tag="670" ind1=" " ind2=" ">
    <subfield code="a">Bet ʻeḳed sefarim, 1951-1956:</subfield>
    <subfield code="b">v. 1, p. 139 (ha-R. Y. Uri Sheraga Fayvel ben Menaḥem Naḥum) v. 4, p. 1052 (ha-R. Yaʻaḳov Esh Faybush)</subfield>
  </datafield>
  <datafield tag="675" ind1=" " ind2=" ">
    <subfield code="a">Encyc. Judaica, c1971;</subfield>
    <subfield code="a">Encyc. Judaica, 1931.</subfield>
  </datafield>
</record>